<record><leader>00000cas a2200000 a 4500</leader><controlfield tag="001">8337825</controlfield><controlfield tag="008">820415d1980199uiluwr ne      0   a0eng c</controlfield><datafield ind1=" " ind2=" " tag="010"><subfield code="a">sn 82002431 </subfield></datafield><datafield ind1=" " ind2=" " tag="040"><subfield code="a">NSD</subfield><subfield code="b">eng</subfield><subfield code="c">NSD</subfield><subfield code="d">CVF</subfield><subfield code="d">OCLCQ</subfield><subfield code="d">OCLCF</subfield><subfield code="d">OCLCO</subfield><subfield code="d">NVF</subfield></datafield><datafield ind1=" " ind2=" " tag="012"><subfield code="k">1</subfield><subfield code="m">1</subfield></datafield><datafield ind1="1" ind2=" " tag="022"><subfield code="a">0744-5407</subfield><subfield code="l">0744-5407</subfield><subfield code="2">1</subfield></datafield><datafield ind1=" " ind2=" " tag="032"><subfield code="a">981240</subfield><subfield code="b">USPS</subfield></datafield><datafield ind1=" " ind2=" " tag="042"><subfield code="a">nsdp</subfield><subfield code="a">pcc</subfield></datafield><datafield ind1=" " ind2=" " tag="043"><subfield code="a">n-us-il</subfield></datafield><datafield ind1=" " ind2="0" tag="222"><subfield code="a">Rosemont progress</subfield></datafield><datafield ind1="0" ind2="0" tag="245"><subfield code="a">Rosemont progress.</subfield></datafield><datafield ind1="3" ind2="0" tag="246"><subfield code="a">Progress</subfield></datafield><datafield ind1=" " ind2=" " tag="260"><subfield code="a">Wilmette, Ill. :</subfield><subfield code="b">Pioneer Press,</subfield><subfield code="c">1980-[199-?]</subfield></datafield><datafield ind1=" " ind2=" " tag="300"><subfield code="a">volumes</subfield></datafield><datafield ind1=" " ind2=" " tag="310"><subfield code="a">Weekly,</subfield><subfield code="b">&lt;July 11, 1990&gt;-&lt;&gt;</subfield></datafield><datafield ind1=" " ind2=" " tag="321"><subfield code="a">Weekly,</subfield><subfield code="b">Sept. 17, 1980-&lt;Dec. 28, 1988&gt;</subfield></datafield><datafield ind1=" " ind2=" " tag="321"><subfield code="a">Weekly (except semiweekly in Mar., June, and Sept.),</subfield><subfield code="b">&lt;Sept. 17, 1989-July 4, 1990&gt;</subfield></datafield><datafield ind1="0" ind2=" " tag="362"><subfield code="a">Sept. 17, 1980-</subfield></datafield><datafield ind1=" " ind2=" " tag="588"><subfield code="a">Latest issue consulted: Nov. 7, 1990.</subfield></datafield><datafield ind1=" " ind2="0" tag="651"><subfield code="a">Rosemont (Ill.)</subfield><subfield code="v">Newspapers.</subfield></datafield><datafield ind1=" " ind2="7" tag="651"><subfield code="a">Illinois</subfield><subfield code="z">Rosemont.</subfield><subfield code="2">fast</subfield><subfield code="0">(OCoLC)fst01205218</subfield></datafield><datafield ind1=" " ind2="7" tag="655"><subfield code="a">Newspapers.</subfield><subfield code="2">fast</subfield><subfield code="0">(OCoLC)fst01423814</subfield></datafield><datafield ind1=" " ind2=" " tag="752"><subfield code="a">United States</subfield><subfield code="b">Illinois</subfield><subfield code="c">Cook County</subfield><subfield code="d">Wilmette.</subfield></datafield><datafield ind1="0" ind2="0" tag="780"><subfield code="a">Suburban progress</subfield><subfield code="w">(DLC)sn2001061224</subfield><subfield code="w">(OCoLC)46914318</subfield></datafield><datafield ind1="1" ind2=" " tag="029"><subfield code="a">AU@</subfield><subfield code="b">000020553753</subfield></datafield></record>